
@book{Tanenbaum2016,
  author    = {Andrew S. Tanenbaum, Herbert Bos},
  title     = {Moderne Betriebssysteme},
  isbn      = {9783868942705},
  publisher = {Pearson Deutschland GmbH},
  year      = {2016}
},
@book{Mosberger2002,
  author    = {David Mosberger, Stephane Eranian},
  title     = {IA-64 Linux Kernel: Design and Implementation},
  publisher = {Pearson},
  isbn      = {9780130610140},
  year      = {2002}
},
@online{Brosenne2021,
  author       = {Dr. Henrik Brosenne},
  title        = {Betriebssysteme},
  year         = {2018},
  organisation = {Georg-August-Universität Göttingen, Fakultät Informatik},
  url          = {https://user.informatik.uni-goettingen.de/~brosenne/vortraege/os2018ws/os20181030.pdf},
  urldate      = {2021-06-05}
},
@book{Ponge2020,
  author    = {Julien Ponge},
  title     = {Vert.x in Action - Asynchronous and Reactive Java},
  publisher = {Manning},
  year      = {2020},
  isbn      = {9781617295621}
},
@online{Oracle2021,
  author       = {OpenJDK},
  title        = {Loom - Fibers, Continuations, and Tail-Calls for the JVM},
  organisation = {Oracle Corporation},
  url          = {https://openjdk.java.net/projects/loom/},
  urldate      = {2021-06-09}
},
@book{Escoffier2017,
  author    = {Clement Escoffier},
  title     = {Building Reactive Microservices in Java - Asynchronous and Event-Based Application Design},
  publisher = {O'Reilly},
  year      = {2017},
  isbn      = {9781491986288}
},
@online{Oracle2010,
  title = {JDK 1.1 for Solaris Developer's Guide - Chapter 2 Multithreading},
  url = {https://docs.oracle.com/cd/E19455-01/806-3461/6jck06gqe/},
  urldate  = {2021-06-13},
  organisation = {Oracle Corp.}
},
@online{
  url = {https://openjdk.java.net/projects/loom/},
  urldate = {2021-06-13
},
@online{
  url = {https://wiki.openjdk.java.net/display/loom/Main},
  urldate = {2021-06-13}
}