@book{Tanenbaum2016,
  author    = {Andrew S. Tanenbaum and Herbert Bos},
  title     = {Moderne Betriebssysteme},
  isbn      = {9783868942705},
  publisher = {Pearson Deutschland GmbH},
  year      = {2016}
}
@book{Mosberger2002,
  author    = {David Mosberger and Stephane Eranian},
  title     = {IA-64 Linux Kernel: Design and Implementation},
  publisher = {Pearson},
  isbn      = {9780130610140},
  year      = {2002}
}
@online{OpenJDKHotspotOverview,
  author       = {OpenJDK},
  title        = {HotSpot Runtime Overview},
  organisation = {Oracle},
  url          = {https://openjdk.java.net/groups/hotspot/docs/RuntimeOverview.html#Thread%20Management},
  urldate      = {2021-07-22}
}
@techreport{Lightbend,
  author      = {Jonas Boner and Viktor Klang},
  title       = {Reactive Programming versus Reactive Systems},
  institution = {Lightbend Inc.}
}
@book{Ponge2020,
  author    = {Julien Ponge},
  title     = {Vert.x in Action - Asynchronous and Reactive Java},
  publisher = {Manning},
  year      = {2020},
  isbn      = {9781617295621}
}
@book{Escoffier2017,
  author    = {Clement Escoffier},
  title     = {Building Reactive Microservices in Java - Asynchronous and Event-Based Application Design},
  publisher = {O'Reilly},
  year      = {2017},
  isbn      = {9781491986288}
}
@online{Oracle2021,
  author       = {OpenJDK},
  title        = {Loom - Fibers, Continuations, and Tail-Calls for the JVM},
  organisation = {Oracle Corporation},
  url          = {https://openjdk.java.net/projects/loom/},
  urldate      = {2021-06-09}
}
@online{Oracle2021-Loom,
  author  = {Ron Pressler},
  title   = {State of Loom},
  date    = {2020},
  url     = {http://cr.openjdk.java.net/~rpressler/loom/loom/sol1_part1.html},
  urldate = {2021-09-28}
}
@online{Oracle2010,
  title        = {JDK 1.1 for Solaris Developer's Guide - Chapter 2 Multithreading},
  url          = {https://docs.oracle.com/cd/E19455-01/806-3461/6jck06gqe/},
  author       = {Oracle},
  urldate      = {2021-06-13},
  organisation = {Oracle Corp.}
}
@online{ReactiveStreams,
  title   = {Reactive Streams},
  url     = {http://www.reactive-streams.org/},
  urldate = {2021-06-13}
}
@online{ReactiveSystems,
  title   = {The Reactive Manifesto},
  url     = {https://www.reactivemanifesto.org/},
  author  = {Jonas Bonér and Dave Farley and Roland Kuhn and Martin Thompson},
  date    = {2014-09-16},
  urldate = {2021-06-13}
}
@article{JavaSpektrum2015,
  journal = {JavaSpektrum},
  year    = {2015},
  title   = {Datenströme asynchron verarbeiten mit Reactive Streams},
  pages   = {44-48},
  author  = {Grammes, Rüdiger and Schaal, Kristine},
  volume  = {05/2015}
}
@inproceedings{mci/Friedrich2017,
  author    = {Friedrich, Steffen AND Wingerath, Wolfram AND Ritter, Norbert},
  title     = {Coordinated Omission in NoSQL Database Benchmarking},
  booktitle = {Datenbanksysteme für Business, Technologie und Web (BTW 2017) - Workshopband},
  year      = {2017},
  editor    = {Mitschang, Bernhard AND Nicklas, Daniela AND Leymann, Frank AND Schöning, Harald AND Herschel, Melanie AND Teubner, Jens AND Härder, Theo AND Kopp, Oliver AND Wieland, Matthias},
  pages     = { 215-226 },
  publisher = {Gesellschaft für Informatik e.V.},
  address   = {Bonn}
}

@online{KotlinCoroutines,
  title   = {Kotlin docs - Coroutines},
  url     = {https://golang.org/doc/faq#goroutines},
  date    = {2021-04-27},
  urldate = {2021-06-19}
}
@online{GoCoroutines,
  title   = {Frequently Asked Questions (FAQ)},
  url     = {https://golang.org/doc/faq},
  urldate = {2021-08-04}
}
@online{JavascriptAsync,
  title   = {async function},
  url     = {https://developer.mozilla.org/en-US/docs/Web/JavaScript/Reference/Statements/async_function},
  urldate = {2021-06-19}
}
@online{OracleFlow,
  title   = {Class Flow},
  author  = {Oracle},
  url     = {https://docs.oracle.com/javase/9/docs/api/java/util/concurrent/Flow.html},
  urldate = {2021-06-19}
}
@online{OracleFuture,
  title   = {Class CompletableFuture<T>},
  author  = {Oracle},
  url     = {https://docs.oracle.com/en/java/javase/11/docs/api/java.base/java/util/concurrent/CompletableFuture.html},
  urldate = {2021-06-19}
}
@online{ReactiveX,
  title   = {ReactiveX},
  author  = {ReactiveX},
  url     = {http://reactivex.io/},
  urldate = {2021-06-19}
}
@online{RxJava,
  title   = {RxJava: Reactive Extensions for the JVM},
  author  = {ReactiveX},
  url     = {https://github.com/ReactiveX/RxJava},
  urldate = {2021-07-16}
}
@online{Vert.x,
  title   = {Eclipse Vert.x},
  url     = {https://vertx.io/},
  urldate = {2021-06-19}
}
@online{Vert.xDocs,
  title   = {Vert.x Core Manual},
  url     = {https://vertx.io/docs/vertx-core/java/},
  urldate = {2021-07-20}
}
@online{Vert.xOptions,
  title   = {Class Vertx Options},
  url     = {https://vertx.io/docs/apidocs/io/vertx/core/VertxOptions.html},
  urldate = {2021-08-01}
}
@online{Akka,
  title   = {akka},
  url     = {https://akka.io/},
  urldate = {2021-06-22}
}
@online{ProjectReactor,
  title   = {Project Reactor},
  url     = {https://projectreactor.io/},
  urldate = {2021-06-22}
}
@online{Quarkus,
  title   = {Quarkus - Subersonic Subatomic Java},
  author  = {{Red Hat}},
  url     = {https://quarkus.io/},
  urldate = {2021-06-19}
}
@online{QuarkusReactiveGettingStarted,
  title   = {Getting started reactive},
  author  = {{Red Hat}},
  url     = {https://quarkus.io/guides/getting-started-reactive},
  urldate = {2021-06-22}
}
@online{QuarkusReactiveRoutes,
  title   = {Using Reactive Routes},
  author  = {{Red Hat}},
  url     = {https://quarkus.io/guides/reactive-routes},
  urldate = {2021-06-27}
}
@online{RedHatQuarkus,
  title   = {Was ist Quarkus?},
  author  = {{Red Hat}},
  url     = {https://www.redhat.com/de/topics/cloud-native-apps/what-is-quarkus},
  urldate = {2021-06-21}
}
@online{RedHatQuarkusInfografik,
  title   = {Quarkus Infografik},
  author  = {{Red Hat}},
  url     = {https://www.redhat.com/de/resources/quarkus-infographic-supersonic-subatomic-java},
  urldate = {2021-07-12}
}
@online{Mutiny,
  title   = {Mutiny! - Intuitive Event-Driven Reactive Programming Library for Java},
  author  = {{SmallRye Mutiny}},
  url     = {https://smallrye.io/smallrye-mutiny/},
  urldate = {2021-06-19}
}
@online{MutinyShortcuts,
  title   = {Shortcut methods},
  author  = {{Smallrye Mutiny}},
  url     = {https://smallrye.io/smallrye-mutiny/guides/shortcuts},
  urldate = {2021-08-03}
}
@online{MutinyEventFlow,
  author  = {{SmallRye Mutiny}},
  title   = {Concepts and Philosophy},
  url     = {https://smallrye.io/smallrye-mutiny/pages/philosophy},
  urldate = {2021-07-15}
}
@online{GraalVM,
  title   = {Get Started with GraalVM},
  author  = {Oracle},
  url     = {https://www.graalvm.org/docs/getting-started/},
  urldate = {2021-06-21}
}
@online{GraalVMNativeImage,
  title   = {Native Image},
  author  = {Oracle},
  url     = {https://www.graalvm.org/reference-manual/native-image/},
  urldate = {2021-08-02}
}
@online{GraalVMNativeImagePGO,
  title   = {Profile-Guided Optimizations},
  author  = {Oracle},
  url     = {https://www.graalvm.org/reference-manual/native-image/PGO},
  urldate = {2021-08-02}
}
@online{OpenJDKGitHub,
  title   = {openjdk/jdk},
  author  = {OpenJDK},
  url     = {https://github.com/openjdk/jdk/blob/master/src/hotspot/os_cpu/linux_x86/globals_linux_x86.hpp#L34},
  urldate = {2021-08-02}
}
{HibernateReactive,
  title   = {Hibernate Reactive},
  author  = {Hibernate},
  url     = {http://hibernate.org/reactive/},
  urldate = {2021-06-27}
}
online{HibernateReactiveDoku,
  title   = {Hibernate Documentation},
  author  = {Hibernate},
  url     = {http://hibernate.org/reactive/documentation/1.0/reference/html_single/},
  urldate = {2021-06-27}
}
@online{JakartaEERest,
  title   = {Jakarta RESTful Web Services},
  author  = {Eclipse Foundation},
  url     = {https://jakarta.ee/specifications/restful-ws/3.0/jakarta-restful-ws-spec-3.0.html#copyright},
  urldate = {2021-08-09}
}
@online{MavenQuarkusIO,
  title   = {Group: Quarkus},
  author  = {MvnRepository},
  url     = {https://mvnrepository.com/artifact/io.quarkus},
  urldate = {2021-06-29}
}
@online{QuarkusJohnaohara,
  title        = {quarkus-iothread-workerpool},
  url          = {https://github.com/johnaohara/quarkus-iothread-workerpool/tree/master},
  organisation = {Red Hat},
  author       = {John O'Hara},
  urldate      = {2021-05-03}
}
@online{QuarkusBlog,
  title        = {A IO thread and a worker thread walk into a bar: a microbenchmark story},
  url          = {https://quarkus.io/blog/io-thread-benchmark/},
  organisation = {Red Hat},
  author       = {Emmanuel Bernard},
  urldate      = {2021-07-06}
}
@online{linuxTopManual,
  title   = {{top(1) - Linux manual page}},
  url     = {https://man7.org/linux/man-pages/man1/top.1.html},
  author  = {man-pages},
  urldate = {2021-08-07}
}
@online{Wrk2,
  title   = {wrk2},
  author  = {Gil Tene},
  url     = {https://github.com/giltene/wrk2},
  urldate = {2021-07-08}
}
@online{Wrk,
  title   = {wrk},
  author  = {Will Glozer},
  url     = {https://github.com/wg/wrk},
  urldate = {2021-07-08}
}
@online{HdrHistogramm,
  title   = {HdrHistogram: A High Dynamic Range Histogram},
  author  = {Gil Tene},
  url     = {http://hdrhistogram.org/},
  urldate = {2021-07-08}
}
@online{Java10ReleaseNotes,
  title   = {JDK 10 Release Notes},
  author  = {Oracle},
  url     = {https://www.oracle.com/java/technologies/javase/10-relnote-issues.html},
  urldate = {2021-07-09}
}
@online{JSON,
  title   = {ECMA-404 The JSON Data Interchange Standard},
  url     = {https://www.json.org/json-de.html},
  urldate = {2021-08-09}
}
@online{JakartaServlet,
  title   = {Jakarta Servlet Specification},
  author  = {Jakarta Servlet Team},
  url     = {https://jakarta.ee/specifications/servlet/5.0/jakarta-servlet-spec-5.0.pdf},
  urldate = {2021-08-09}
}
@book{JavaInAction,
  author    = {Raoul-Gabriel Urma and Mario Fusco and Alan Mycroft},
  title     = {Modern Java in Action},
  publisher = {Manning},
  isbn      = {9781617293566},
  year      = {2018}
}
@book{MuellerJPA,
  author    = {Bernd Müller and Harald Wehr},
  title     = {Java Persistence API 2. Hibernate, EclipseLink, OpenJPA und Erweiterungen},
  publisher = {Carl Hanser Verlag},
  year      = {2012},
  isbn      = {978-3-446-42693-1}
}

@book{JavaSE9Standardbibliothek,
  author    = {Christian Ullenboom},
  title     = {Java SE 9 Standard-Bibliothek},
  publisher = {Rheinwerk Verlag},
  isbn      = {978-3-8362-5874-6},
  year      = {2017}
}
@online{NodeJSEventLoop,
  author  = {NodeJS},
  title   = {The Node.js Event Loop, Timers, and process.nextTick()},
  url     = {https://nodejs.org/en/docs/guides/event-loop-timers-and-nexttick/},
  urldate = {2021-07-19}
}
@online{MozillaEventLoop,
  author  = {MDN Web Docs},
  title   = {Concurrency model and Event Loop},
  url     = {https://developer.mozilla.org/de/docs/Web/JavaScript/EventLoop},
  urldate = {2021-07-19}
}
@book{NodeJSDesignPatterns,
  author    = {Mario Casciaro},
  title     = {Node.js Design Patterns},
  publisher = {Packt},
  isbn      = {9781783287314},
  year      = {2014}
}
@online{NettyUserAction,
  author  = {{Netty project}},
  title   = {User guide for 4.x},
  url     = {https://netty.io/wiki/user-guide-for-4.x.html},
  urldate = {2021-07-26}
}
@online{Netty,
  author  = {{Netty project}},
  title   = {Netty project},
  url     = {https://netty.io/},
  urldate = {2021-07-31}
}
@book{NettyInAction,
  author    = {Norman Maurer and Marvin Allen Wolfthal},
  title     = {Netty in Action},
  publisher = {Manning},
  isbn      = {9781617291470},
  year      = {2015}
}
@book{PythonReactiveProgramming,
  author    = {Romain Picard},
  title     = {Hands-On Reactive Programming with Python},
  publisher = {Packt},
  isbn      = {9781789138726},
  year      = {2018}
}
@article{VertxArticle,
  author  = {Rüdiger Grammes and Martin Lehmann and Kristine Schaal},
  title   = {Vert.x im Einsatz für hochskalierbare Architekturen},
  journal = {JavaSPEKTRUM},
  year    = {2014},
  month   = {5}
}
@techreport{SchmidtReactorPattern,
  author      = {Douglas C. Schmidt},
  title       = {Reactor - An Object Behavioral Pattern for
Demultiplexing and Dispatching Handles for Synchronous Events},
  institution = {Department of Computer Science - Washington University},
  address     = {St.Louis, MO},
  year        = {1995}
}
@online{OpenJdkNIO,
  author  = {OpenJDK},
  title   = {openjdk/jdk},
  url     = {https://github.com/openjdk/jdk/tree/master/src/java.base/linux/classes/sun/nio/ch},
  urldate = {2021-07-24}
}
@online{GraalWuerthinger,
  author  = {GitHub},
  title   = {{[native-image] native image Performance is worse than runs on JVM}},
  url     = {https://github.com/oracle/graal/issues/979},
  urldate = {2021-08-26}
}